
% inproceedings 表示这是一个发表在学术会议论文集中的论文，Brown为参考文献引用键，可以\cite{Brown}
@inproceedings{Brown,
  author={R. W. Brown},
  title={Autorating: Getting Individual Marks from Team Marks and Enhancing Teamwork},
  booktitle={Proceedings of Frontiers in Education Conference},
  year = {1995},
  pages = {15--18}
}

% article 表示这是一篇发表在学术期刊上的文章, KaufmanEtAl为论文引用键，后面是期刊名称，卷号，和期号
@article{KaufmanEtAl,
  author = {Deborah B. Kaufman and Richard M. Felder and Hugh Fuller},
  title = {Accounting for Individual Effort in Cooperative Learning Teams},
  journal = {Journal of Engineering Education}, 
  volume = {89},    
  number = {2},     
  pages = {133--140},
  year = {2000}
}